
@misc{ eRoad,
	author = {Danny Shapiro},
	title = "Eyes on the Road: How Autonomous Cars Understand What They're Seeing",
	year = "January 5, 2016",
	howpublished={\url{https://blogs.nvidia.com/blog/2016/01/05/eyes-on-the-road-how-autonomous-cars-understand-what-theyre-seeing/}},
	note = "[Online; accessed 14-April-2017]"
}


@misc{ Eigenfaces,
	author = {Jeremy Kun},
	title = "Eigenfaces, for Facial Recognition",
	year = "July 27, 2011",
	howpublished={\url{https://jeremykun.com/2011/07/27/eigenfaces/}},
	note = "[Online; accessed 12-April-2017]"
}

@misc{ GoogleCar,
	author = {Ryan Whitwam},
	title = "How Googleâ€™s self-driving cars detect and avoid obstacles",
	year = "September 8, 2014",
	howpublished={\url{https://www.extremetech.com/extreme/189486-how-googles-self-driving-cars-detect-and-avoid-obstacles}},
	note = "[Online; accessed 12-April-2017]"
}

@misc{ MatrixImages,
	author = {Antoine Nectoux},
	title = "Matrices and Digital Images",
	howpublished={\url{http://blog.kleinproject.org/?p=588}},
	note = "[Online; accessed 14-April-2017]"
}

@misc{ AutonomousIntersections,
	author = {Evan Ackerman},
	title = "The Scary Efficiency of Autonomous Intersections",
	howpublished={\url{http://spectrum.ieee.org/cars-that-think/transportation/self-driving/the-scary-efficiency-of-autonomous-intersections}},
	note = "[Online; accessed 14-April-2017]"
}

@misc{ hyperNavigation,
	author = {JA Pierce},
	title = "AN INTRODUCTION TO HYPERBOLIC NAVIGATION, WITH PARTICULAR
	REFERENCE TO LORAN",
	year = "January 4, 1946",
	note = "[Article; accessed 07-April-2017]"
}

@misc{ statistics,
	author = {Manish Bhojasia},
	title = "10 Statistics That Capture The Dangers of Texting and Driving",
	howpublished={\url{http://www.huffingtonpost.com/2015/06/08/dangers-of-texting-and-driving-statistics_n_7537710.html}},
	year = "June 8, 2015",
	note = "[Article; accessed 17-April-2017]"
}

@misc{ shortRoute,
	author = {Manish Bhojasia},
	title = "Program to Find All Pairs Shortest Path",
	howpublished={\url{http://www.sanfoundry.com/cpp-program-find-all-pairs-shortest-path/}},
	note = "[Article; accessed 17-April-2017]"
}

@misc{ deepLearning,
	author = {Yann LeCun, Yoshua Bengio, Geoffrey Hinton},
	title = "Deep Learning",
	howpublished={\url{http://pages.cs.wisc.edu/~dyer/cs540/handouts/deep-learning-nature2015.pdf}},
	note = "[Article; accessed 18-April-2017]"
}
